@misc{NYC-TLC,
  title = {{TLC Trip Record Data}},
  author = {{NYC Taxi and Limousine Commission}},
  howpublished = {\url{https://www.nyc.gov/site/tlc/about/tlc-trip-record-data.page}},
  note = {Accessed: 2022-08-07}
}

@misc{NYT-Covid,
  title = {{Track Covid-19 in New York}},
  author = {{The New York Times}},
  howpublished = {\url{https://www.nytimes.com/interactive/2023/us/new-york-covid-cases.html}},
  note = {Accessed: 2022-08-07}
}

@misc{MTA-Ridership,
  title = {{MTA Subway Hourly Ridership: Beginning February 2022}},
  author = {{New York State}},
  howpublished = {\url{https://data.ny.gov/Transportation/MTA-Subway-Hourly-Ridership-Beginning-February-202/wujg-7c2s}},
  note = {Accessed: 2022-08-07}
}

@misc{NCEI-Surface,
  title = {{Integrated Surface Dataset (Global)}},
  author = {{National Centers for Environmental Information}},
  howpublished = {\url{https://www.ncei.noaa.gov/access/search/data-search/global-hourly}},
  note = {Accessed: 2022-08-21}
}

@misc{Pandas-Interpolate,
  title = {{pandas.series.interpolate}},
  author = {{Pandas}},
  howpublished = {\url{https://pandas.pydata.org/pandas-docs/stable/reference/api/pandas.Series.interpolate.html}},
  note = {Accessed: 2022-08-07}
}

@thesis{Tran-NBeats,
  title = {{Multivariate Time Series Forecasting with N-beats Architecture}},
  author = {{Duy N. Tran}},
  year = {2023},
  school = {University of Melbourne},
  url = {https://ms.unimelb.edu.au/__data/assets/pdf_file/0009/4524228/Duy_Ngoc_Tran_-_Multivariate_time_series_forecasting_with_N-beats_architecture1.pdf}
}

@article{Sak-LSTM,
  title = {{Long Short-term Memory Based Recurrent Neural Network Architectures For Large Vocabulary Speech Recognition}},
  author = {Sak, Haşim and Senior, Andrew and Beaufays, Fran{\c{c}}ois},
  year = {2014},
  journal = {arXiv preprint arXiv:1402.1128},
  url = {https://arxiv.org/abs/1402.1128}
}

@article{Chung-GRU,
  title = {{Empirical Evaluation of Gated Recurrent Neural Networks on Sequence Modeling}},
  author = {Chung, Junyoung and Gulcehre, Caglar and Cho, KyungHyun and Bengio, Yoshua},
  year = {2014},
  journal = {arXiv preprint arXiv:1412.3555},
  url = {https://arxiv.org/abs/1412.3555}
}

@misc{NickPfosi,
  title = {Major Nor’easter blankets U.S. East Coast with snow, heavy winds},
  author = {Nick Pfosi},
  howpublished = {\url{https://www.reuters.com/world/us/us-east-coast-prepares-heavy-snow-plunging-temperatures-blizzard-hits-2022-01-29/}},
  note = {Accessed: 2022-08-07}
}

@misc{Ming,
  title = {Predicting Hourly Demand for Taxi Rides in NYC},
  author = {Ming Hui Tan},
  howpublished = {\url{https://canvas.lms.unimelb.edu.au/courses/158133/files/15975429?module_item_id=4966415}},
    note = {Accessed: 2022-08-07}
}

